<record><leader>00000cas a2200000 a 4500</leader><controlfield tag="001">12868989</controlfield><controlfield tag="008">851204d18901903vaudr ne      0   a0eng c</controlfield><datafield ind1=" " ind2=" " tag="010"><subfield code="a">sn 85034438 </subfield></datafield><datafield ind1=" " ind2=" " tag="040"><subfield code="a">NPU</subfield><subfield code="b">eng</subfield><subfield code="c">NPU</subfield><subfield code="d">NPY</subfield><subfield code="d">DLC</subfield><subfield code="d">MFN</subfield><subfield code="d">NVK</subfield><subfield code="d">DLC</subfield><subfield code="d">OCLCQ</subfield><subfield code="d">DLC</subfield><subfield code="d">CUI</subfield><subfield code="d">NVK</subfield><subfield code="d">OCLCF</subfield></datafield><datafield ind1="1" ind2=" " tag="022"><subfield code="a">1941-2959</subfield><subfield code="l">1941-2959</subfield><subfield code="2">1</subfield></datafield><datafield ind1="1" ind2=" " tag="029"><subfield code="a">AU@</subfield><subfield code="b">000020234782</subfield></datafield><datafield ind1="1" ind2=" " tag="029"><subfield code="a">NZ1</subfield><subfield code="b">16052985</subfield></datafield><datafield ind1=" " ind2=" " tag="042"><subfield code="a">pcc</subfield><subfield code="a">nsdp</subfield></datafield><datafield ind1=" " ind2=" " tag="043"><subfield code="a">n-us-va</subfield></datafield><datafield ind1="0" ind2="0" tag="050"><subfield code="a">Newspaper</subfield></datafield><datafield ind1=" " ind2="4" tag="050"><subfield code="a">AN</subfield></datafield><datafield ind1="0" ind2=" " tag="130"><subfield code="a">Times (Richmond, Va.)</subfield></datafield><datafield ind1=" " ind2="4" tag="222"><subfield code="a">The times</subfield><subfield code="b">(Richmond, Va.)</subfield></datafield><datafield ind1="1" ind2="4" tag="245"><subfield code="a">The times.</subfield></datafield><datafield ind1="1" ind2="7" tag="246"><subfield code="a">Daily times</subfield></datafield><datafield ind1=" " ind2=" " tag="260"><subfield code="a">Richmond, Va. :</subfield><subfield code="b">Times Co.,</subfield><subfield code="c">1890-1903.</subfield></datafield><datafield ind1=" " ind2=" " tag="300"><subfield code="a">v. :</subfield><subfield code="b">ill. ;</subfield><subfield code="c">60 cm.</subfield></datafield><datafield ind1=" " ind2=" " tag="310"><subfield code="a">Daily (except Monday)</subfield></datafield><datafield ind1="0" ind2=" " tag="362"><subfield code="a">Vol. 4, no. 1153 (Jan. 1, 1890)- ; -v. 17, no. 270 (Jan. 25, 1903).</subfield></datafield><datafield ind1=" " ind2=" " tag="515"><subfield code="a">Issue numeration varies, Vol. 5, New ser. no. 1 (Feb. 8, 1891).</subfield></datafield><datafield ind1=" " ind2=" " tag="530"><subfield code="a">Archived issues are available in digital format as part of the Library of Congress Chronicling America online collection.</subfield></datafield><datafield ind1=" " ind2=" " tag="580"><subfield code="a">In 1897 the Evening leader (Manchester, Va.), 1896-1903, became the afternoon ed. of: the Times (Richmond, Va.). Cf. Cappon, L.J. Va. newspapers.</subfield></datafield><datafield ind1=" " ind2="0" tag="651"><subfield code="a">Richmond (Va.)</subfield><subfield code="v">Newspapers.</subfield></datafield><datafield ind1=" " ind2="7" tag="655"><subfield code="a">Newspapers.</subfield><subfield code="2">fast</subfield><subfield code="0">(OCoLC)fst01423814</subfield></datafield><datafield ind1=" " ind2="7" tag="651"><subfield code="a">Virginia</subfield><subfield code="z">Richmond.</subfield><subfield code="2">fast</subfield><subfield code="0">(OCoLC)fst01205345</subfield></datafield><datafield ind1=" " ind2=" " tag="752"><subfield code="a">United States</subfield><subfield code="b">Virginia</subfield><subfield code="d">Richmond.</subfield></datafield><datafield ind1="1" ind2=" " tag="775"><subfield code="t">Evening leader (Manchester, Va.)</subfield><subfield code="w">(DLC)sn 86071843</subfield><subfield code="w">(OCoLC)14106951</subfield></datafield><datafield ind1="0" ind2=" " tag="775"><subfield code="t">Weekly times (Richmond, Va. : 1886)</subfield><subfield code="w">(DLC)sn 84024693</subfield><subfield code="w">(OCoLC)11013619</subfield></datafield><datafield ind1="0" ind2=" " tag="775"><subfield code="t">Twice a week times</subfield><subfield code="w">(DLC)sn 84024694</subfield><subfield code="w">(OCoLC)11013767</subfield></datafield><datafield ind1="0" ind2=" " tag="775"><subfield code="t">Black Hills Sioux pow wow.</subfield><subfield code="d">[S.l. : s.n.], 1962</subfield><subfield code="w">(OCoLC)11072960</subfield></datafield><datafield ind1="0" ind2="0" tag="780"><subfield code="t">Daily times (Richmond, Va.)</subfield><subfield code="x">2157-5029</subfield><subfield code="w">(DLC)sn 86071854</subfield><subfield code="w">(OCoLC)14120699</subfield></datafield><datafield ind1="0" ind2="7" tag="785"><subfield code="t">Richmond dispatch</subfield><subfield code="x">1941-2967</subfield><subfield code="w">(DLC)sn 85038614</subfield><subfield code="w">(OCoLC)12872264</subfield></datafield><datafield ind1="0" ind2="7" tag="785"><subfield code="t">Times dispatch (Richmond, Va.)</subfield><subfield code="x">1941-0700</subfield><subfield code="w">(DLC)sn 85038615</subfield><subfield code="w">(OCoLC)12872288</subfield></datafield><datafield ind1="4" ind2="1" tag="856"><subfield code="u">http://www.loc.gov/chroniclingamerica/lccn/sn85034438/issues</subfield></datafield><datafield ind1="4" ind2="1" tag="856"><subfield code="u">http://www.virginiachronicle.com/</subfield></datafield></record>